
@online{noauthor_intelligent_nodate,
	title = {Intelligent Scanning Using Deep Learning for {MRI}},
	url = {https://blog.tensorflow.org/2019/03/intelligent-scanning-using-deep-learning.html},
	abstract = {The {TensorFlow} blog contains regular news from the {TensorFlow} team and the community, with articles on Python, {TensorFlow}.js, {TF} Lite, {TFX}, and more.},
	urldate = {2020-05-27},
	langid = {english},
	note = {Library Catalog: blog.tensorflow.org},
	file = {Snapshot:/home/leix/Zotero/storage/S6Z5S9TS/intelligent-scanning-using-deep-learning.html:text/html}
}

@online{noauthor_how_nodate,
	title = {How advanced applications and {AI} are impacting {MRI}},
	url = {https://www.gehealthcare.com/article/how-advanced-applications-and-ai-are-impacting-mri},
	abstract = {How advanced applications and {AI} are impacting {MRI}},
	urldate = {2020-05-27},
	langid = {american},
	note = {Library Catalog: www.gehealthcare.com},
	file = {Snapshot:/home/leix/Zotero/storage/9NDBGI2G/how-advanced-applications-and-ai-are-impacting-mri.html:text/html}
}

@online{noauthor_magnetic_nodate,
	title = {Magnetic resonance imaging using {AI} A new deep learning tool},
	url = {https://www.gehealthcare.com/article/magnetic-resonance-imaging-using-ai-a-new-deep-learning-tool},
	abstract = {Magnetic resonance imaging using {AI} A new deep learning tool},
	urldate = {2020-05-27},
	langid = {american},
	note = {Library Catalog: www.gehealthcare.com},
	file = {Snapshot:/home/leix/Zotero/storage/BB6D43UN/magnetic-resonance-imaging-using-ai-a-new-deep-learning-tool.html:text/html}
}

@online{noauthor_new_nodate,
	title = {New deep learning tool streamlines {MR} slice prescription},
	url = {http://www.gesignapulse.com/signapulse/spring_2019/MobilePagedArticle.action?articleId=1488815},
	abstract = {Tom Schrack, {ARMRIT}, {MRSO} Fairfax Radiological Consultants, Fairfax, Virginia
A new deep learning software from {GE} Healthcare is helping streamline {MR}},
	urldate = {2020-05-27},
	langid = {english},
	note = {Library Catalog: www.gesignapulse.com},
	file = {Snapshot:/home/leix/Zotero/storage/I93GNE7I/MobilePagedArticle.html:text/html}
}

@online{justo_exploring_nodate,
	title = {Exploring {MR} powered by Applied Intelligence},
	url = {http://www.gesignapulse.com/signapulse/spring_2018/MobilePagedArticle.action?articleId=1396203},
	abstract = {When we look at {MR} imaging today, we see technologists and radiologists who are under more pressure than ever to scan and read results efficiently and},
	author = {Justo, Victor and Director, 3 0T Marketing and {MR}-{XLP}, Global and Healthcare, G. E.},
	urldate = {2020-05-27},
	langid = {english},
	note = {Library Catalog: www.gesignapulse.com},
	file = {Snapshot:/home/leix/Zotero/storage/I97DW8BB/MobilePagedArticle.html:text/html}
}

@online{noauthor_deep-learning_nodate,
	title = {Deep-learning {MRI} algorithm aids in neurological diagnoses},
	url = {https://www.auntminnie.com/index.aspx?sec=rca&sub=ecr_2019&pag=dis&ItemID=124750},
	abstract = {{VIENNA} - A newly developed deep-learning algorithm has shown promising results in the automated diagnosis of several neurological diseases based on routine {MRI} scans, according to a study presented at {ECR} 2019.},
	titleaddon = {{AuntMinnie}.com},
	urldate = {2020-05-27},
	note = {Library Catalog: www.auntminnie.com},
	file = {Snapshot:/home/leix/Zotero/storage/T4K4LKPM/index.html:text/html}
}

@online{noauthor_ge_nodate,
	title = {{GE} Healthcare's {FDA} approved {MR} neuro deep-learning software, {AIRx}, increases consistency and productivity},
	url = {https://www.dotmed.com/news/story/46576},
	titleaddon = {dotmed.com},
	urldate = {2020-05-27},
	langid = {english},
	note = {Library Catalog: www.dotmed.com},
	file = {Snapshot:/home/leix/Zotero/storage/UH96DZEG/46576.html:text/html}
}

@online{noauthor_introducing_nodate,
	title = {Introducing intelligent {MR} powered by deep learning},
	url = {http://www.gesignapulse.com/signapulse/autumn_2018/MobilePagedArticle.action?articleId=1444512},
	abstract = {Information about the patient and their health are important considerations throughout the care delivery process. From the reason for the exam to the},
	urldate = {2020-05-27},
	langid = {english},
	note = {Library Catalog: www.gesignapulse.com},
	file = {Snapshot:/home/leix/Zotero/storage/A8KXN4U4/MobilePagedArticle.html:text/html}
}

@online{bien_dont_2018,
	title = {Don’t Just Scan This: Deep Learning Techniques for {MRI}},
	url = {https://medium.com/stanford-ai-for-healthcare/dont-just-scan-this-deep-learning-techniques-for-mri-52610e9b7a85},
	shorttitle = {Don’t Just Scan This},
	abstract = {Written by Nicholas Bien},
	titleaddon = {Medium},
	author = {Bien, Nicholas},
	urldate = {2020-05-27},
	date = {2018-02-09},
	langid = {english},
	note = {Library Catalog: medium.com},
	file = {Snapshot:/home/leix/Zotero/storage/ZACEWRG4/dont-just-scan-this-deep-learning-techniques-for-mri-52610e9b7a85.html:text/html}
}

@online{noauthor_ge_nodate-1,
	title = {{GE} Healthcare’s {AIRx}™ Tool Accelerates Magnetic Resonance Imaging},
	url = {https://www.intel.com/content/www/us/en/artificial-intelligence/solutions/gehc-airx.html},
	abstract = {Automated workflow tool for magnetic resonance ({MR}) brain scanning that has received 510(k) clearance from the {FDA}.},
	titleaddon = {Intel},
	urldate = {2020-05-27},
	langid = {english},
	note = {Library Catalog: www.intel.com},
	file = {Snapshot:/home/leix/Zotero/storage/N2YLUYHT/gehc-airx.html:text/html}
}